@book{bringhurst:elementi,
author = {Bringhurst, Robert},
title = {Gli Elementi dello Stile Tipografico},
publisher = {Sylvestre Bonnard},
year = {2001},
location = {Milano}

